<?xml version="1.0" encoding="UTF-8"?><record xmlns="http://www.loc.gov/MARC21/slim" xmlns:cinclude="http://apache.org/cocoon/include/1.0" xmlns:zs="http://www.loc.gov/zing/srw/">
  <leader>00431nz  a2200133n  4500</leader>
  <controlfield tag="001">n  97108612 </controlfield>
  <controlfield tag="003">DLC</controlfield>
  <controlfield tag="005">19971028134402.8</controlfield>
  <controlfield tag="008">971028n| acannaab|          |a aaa |||  </controlfield>
  <datafield tag="010" ind1=" " ind2=" ">
    <subfield code="a">n  97108612 </subfield>
  </datafield>
  <datafield tag="040" ind1=" " ind2=" ">
    <subfield code="a">DLC</subfield>
    <subfield code="c">DLC</subfield>
  </datafield>
  <datafield tag="100" ind1="1" ind2="0">
    <subfield code="a">Bernovskai︠a︡, N. M.</subfield>
    <subfield code="q">(Nina Mikhaĭlovna)</subfield>
  </datafield>
  <datafield tag="400" ind1="1" ind2="0">
    <subfield code="a">Bernovskai︠a︡, Nina Mikhaĭlovna</subfield>
  </datafield>
  <datafield tag="670" ind1=" " ind2=" ">
    <subfield code="a">Babanova, 1996:</subfield>
    <subfield code="b">t.p. (N.M. Bernovskai︠a︡) colophon (Nina Mikhaĭlovna Bernovskai︠a︡)</subfield>
  </datafield>
</record>